@Comment А вот так оформляется библиография при помощи BibTeX.

@ARTICLE{sushant,
	author = {Gaurav Sushant},
	title = {Using Duolingo in the Spanish Classroom of Engineering Students~--- A Case Study and New Insights},
	journal = {Journal of Advances and Scholarly Researches in Allied Education},
	year = {2019},
	language = "english"
}

@ARTICLE{shepherd,
	author = {Graeme Shepherd},
	title = {Bilingual Reading Texts and Vocabulary Pro ciency: Practice, Methodology and Linguistic Issues},
	journal = {Psychology},
	year = {2011},
	language = "english"
}

@ONLINE{picture,
	title = {Как эффективно запоминать слова: метод Эббингауза [Электронный ресурс]},
	url = {https://ef.ru/englishfirst/adults/blog/how-to-learn-new-words/},
	urldate = {10.05.2020},
	language = "russian"
}

@BOOK{ebbinghaus,
	author = {Hermann Ebbinghaus},
	title = {Memory: A Contribution to Experimental Psychology},
	publisher = {Teachers College, Columbia University},
	year = {1913},
	language = "english"
}

@BOOK{mace,
	author = {Alec Mace},
	title = {The Psychology of Study},
	publisher = {Penguin Books},
	year = {1932},
	language = "english"
}

@ARTICLE{spitzer,
	author = {Herbert Spitzer},
	title = {Studies in retention},
	journal = {Journal of Educational Psychology},
	year = {1939},
	language = "english"
}

@BOOK{leitner,
	author = {Sebastian Leitner},
	title = {So lernt man lernen: Der Weg zum Erfolg (How to learn to learn)},
	address={Freiburg},
	publisher = {Herder},
	year = {1972},
	language = "german"
}

@ONLINE{vuejs,
	title = {Vue.js~--- The Progressive JavaScript Framework [Электронный ресурс]},
	url = {https://vuejs.org/},
	urldate = {10.05.2020},
	language = "russian"
}

@ONLINE{stefankrause,
	author = {Stefan Krause},
	title = {Results for JavaScript Web Frameworks Benchmark [Электронный ресурс]},
	year = {2017},
	url = {http://stefankrause.net/jsframeworks-benchmark7/table/},
	urldate = {10.05.2020},
	language = "russian"
}

@ONLINE{vuerouter,
	title = {Vue Router~--- The Official Router for Vue.js [Электронный ресурс]},
	url = {https://router.vuejs.org/},
	urldate = {13.05.2020},
	language = "russian"
}

@ONLINE{vuex,
	title = {Vuex~--- The Centralized State Management Architecture for Building Client-Side Web Applications [Электронный ресурс]},
	url = {https://vuex.vuejs.org/},
	urldate = {13.05.2020},
	language = "russian"
}

@ONLINE{axios,
	title = {Axios~--- The Promise Based HTTP Client for the Browser and Node.js [Электронный ресурс]},
	url = {https://github.com/axios/axios},
	urldate = {14.05.2020},
	language = "russian"
}

@ONLINE{vuelidate,
	title = {Vuelidate~--- Simple, lightweight model-based Validation Library for Vue.js [Электронный ресурс]},
	url = {https://vuelidate.js.org/},
	urldate = {14.05.2020},
	language = "russian"
}

@ONLINE{vuematerial,
	title = {Vue Material~--- Material Design for Vue.js [Электронный ресурс]},
	url = {https://vuematerial.io/},
	urldate = {14.05.2020},
	language = "russian"
}

@ONLINE{firebase,
	title = {Firebase~--- The Mobile and Web Application Development Platform [Электронный ресурс]},
	url = {https://firebase.google.com/},
	urldate = {15.05.2020},
	language = "russian"
}

@ONLINE{npm,
	title = {npm~--- The Package Manager for Node.js [Электронный ресурс]},
	url = {https://npmjs.com/},
	urldate = {15.05.2020},
	language = "russian"
}

@ONLINE{babel,
	title = {Babel~--- The JavaScript Compiler for Writing Next Generation JavaScript [Электронный ресурс]},
	url = {https://babeljs.io/},
	urldate = {15.05.2020},
	language = "russian"
}

@ONLINE{nodejs,
	title = {Node.js~--- The JavaScript Runtime Built on Chrome’s V8 JavaScript Engine [Электронный ресурс]},
	url = {https://nodejs.org/},
	urldate = {15.05.2020},
	language = "russian"
}

@ONLINE{ecma,
	title = {ECMAScript 2016 Compatibility Table [Электронный ресурс]},
	url = {https://kangax.github.io/compat-table/es2016plus/},
	urldate = {15.05.2020},
	language = "russian"
}

@ONLINE{speech,
	title = {SpeechSynthesis~--- Web APIs | MDN [Электронный ресурс]},
	url = {https://developer.mozilla.org/en-US/docs/Web/API/SpeechSynthesis},
	urldate = {15.05.2020},
	language = "russian"
}

@ONLINE{yandex,
	title = {API Переводчика~--- Онлайн-сервис машинного перевода Яндекса [Электронный ресурс]},
	url = {https://yandex.ru/dev/translate/},
	urldate = {15.05.2020},
	language = "russian"
}
